<?xml version="1.0" encoding="UTF-8"?><collection xmlns="http://www.loc.gov/MARC21/slim"><record><leader>00750nam--2200193-u-4500</leader><controlfield tag="001">000056146</controlfield><controlfield tag="002">20161230</controlfield><controlfield tag="005">20170102210529</controlfield><controlfield tag="008">150107s1000------------r-----000-0-eng-d</controlfield><datafield ind1=" " ind2=" " tag="040"><subfield code="a">IFIN-HH</subfield></datafield><datafield ind1=" " ind2=" " tag="080"><subfield code="a">539.194(061.3)</subfield></datafield><datafield ind1="1" ind2=" " tag="110"><subfield code="a">Societa Italiana Di Fisica</subfield></datafield><datafield ind1="1" ind2="0" tag="245"><subfield code="a">Rendiconti della scuola internazionale di fisica Enrico Fermi corso Lv: dinamica dei reticoli e forze intermolecolari. Lattice dynamics and intermolecular forces. Varenna sul Lago di Como Villa Monastero 3-15 Luglio 1972</subfield><subfield code="c">S. Califano</subfield></datafield><datafield ind1=" " ind2=" " tag="260"><subfield code="a">New York</subfield><subfield code="b">Academic Press</subfield><subfield code="c">1975</subfield></datafield><datafield ind1=" " ind2=" " tag="300"><subfield code="a">XV+502 p</subfield></datafield><datafield ind1=" " ind2=" " tag="490"><subfield code="a">Proceedings Of The Interantional School Of Physics Enrico Fermi Course Lv</subfield></datafield><datafield ind1="1" ind2=" " tag="700"><subfield code="a">Califano, S</subfield></datafield><datafield ind1=" " ind2=" " tag="852"><subfield code="a">1874</subfield><subfield code="c">53</subfield></datafield><datafield ind1=" " ind2=" " tag="CAT"><subfield code="a">SYS</subfield><subfield code="c">20170102</subfield><subfield code="h">210529</subfield></datafield></record></collection>